
@misc{mrx04,
author={{O}nix {T}ext {R}etrieval {T}oolkit {API} {R}eference},
 howpublished ="http://www.lextek.com/manuals/onix/stopwords1.html"   
     }

@misc{mrx05,
       author={Wikipedia},
       title={{Z}ipf's law},
       month={{F}ebruary},
       howpublished ={"http://en.wikipedia.org/wiki/Zipf%27s_law"},
      year =  2015,   
     }

@misc{mrx06,
       author={{P}ython {S}oftware {F}oundation},
       title={jus{T}ext 2.1.0},
       howpublished ={"https://pypi.python.org/pypi/jusText/2.1.0"}, 
      year =  2014,    
     }

@misc{mrx07,
       author={{P}ython {S}oftware {F}oundation},
       title={{C}reating {D}ata {P}lots with {R}},
       month={JANUARY},
       year =  2013, 
       howpublished ={"http://clasticdetritus.com/2013/01/10/creating-data-plots-with-r/"}    
     }