@misc{bloggers,
author={{R}-bloggers},
title={Exploratory Data Analysis: 2 Ways of Plotting Empirical Cumulative Distribution Functions in R},
 howpublished = {``http://www.r-bloggers.com/exploratory-data-analysis-2-ways-of-plotting-empirical-cumulative-distribution-functions-in-r"},
 year =  2015      
     }

@misc{Locally,
       author={Locally Optimal},
       title={{E}xecutable {P}ython {S}cripts via {E}ntry {P}oints},
       month={JAN 20TH},
       howpublished ={``http://locallyoptimal.com/blog/2013/01/20/elegant-n-gram-generation-in-python/"},
      year =  2015   
     }
@misc{anwala,
       author={anwala},
       title={timelapse.py},
       howpublished ={``https://github.com/anwala/wdill/blob/master/timelapse.py"}, 
      year =  2015    
     }
